@BOOK{B98,
  AUTHOR={Blum, Lenore and Cucker, Felipe and Shub, Michael and Smale,
                  Steve},
  TITLE={Complexity and Real Computation},
  PUBLISHER={Springer-Verlag, Inc.},
  ADDRESS={Reading, MA},
  YEAR=1998
}

@ARTICLE{B89,
  AUTHOR={Blum, Lenore and Shub, Michael and Smale, Steve},
  TITLE={On a Theory of Computation and Complexity over the Real
                  Numbers: NP-Completeness, Recursive Functions and
                  Universal Machines},
  JOURNAL="Bulletin of the American Mathematical Society",
  YEAR={1989},
  VOLUME={21},
  NUMBER={1},
  MONTH={July}
}

@article{T36,
    author = {Turing, A.},
    journal = {Proc. London Mathematical Society},
    number = {42},
    pages = {230--265},
    title = {{On Computable Numbers with an Application to the
                  Entscheidungs Problem}},
    volume = {2},
    year = {1936}
}

@BOOK{S06, 
  AUTHOR={Sipser, Michael}, 
  TITLE={Introduction to the Theory of Computation},
  PUBLISHER={Course Technology},
  ADDRESS={25 Thomson Place Boston, MA 02210},
  YEAR={2006},
  EDITION={Second}
  }